@article{barrow_parametric_1977,
	title = {Parametric correspondence and chamfer matching},
	url = {https://dl.acm.org/doi/10.5555/1622943.1622971},
	doi = {10.5555/1622943.1622971},
	series = {Guide Proceedings},
	pages = {659--663},
	journaltitle = {Proceedings of the 5th international joint conference on Artificial intelligence - Volume 2},
	author = {Barrow, H. G. and {View Profile} and Tenenbaum, J. M. and {View Profile} and Bolles, R. C. and {View Profile} and Wolf, H. C. and {View Profile}},
	urldate = {2025-05-09},
	date = {1977-08-22},
        year = {1977}
}


@misc{defazio_road_2024,
	title = {The Road Less Scheduled},
	url = {http://arxiv.org/abs/2405.15682},
	doi = {10.48550/arXiv.2405.15682},
	number = {{arXiv}:2405.15682},
	publisher = {{arXiv}},
	author = {Defazio, Aaron and Yang, Xingyu Alice and Mehta, Harsh and Mishchenko, Konstantin and Khaled, Ahmed and Cutkosky, Ashok},
	urldate = {2025-05-09},
	date = {2024-10-29},
        year = {2024},
	eprinttype = {arxiv},
	eprint = {2405.15682 [cs]},
	note = {44 citations (Semantic Scholar/{arXiv}) [2025-05-08]
44 citations (Semantic Scholar/{DOI}) [2025-05-08]},
	keywords = {Computer Science - Artificial Intelligence, Computer Science - Machine Learning, Mathematics - Optimization and Control, Statistics - Machine Learning},
}

@misc{wu_density-aware_2021,
	title = {Density-aware Chamfer Distance as a Comprehensive Metric for Point Cloud Completion},
	url = {http://arxiv.org/abs/2111.12702},
	doi = {10.48550/arXiv.2111.12702},
	number = {{arXiv}:2111.12702},
	publisher = {{arXiv}},
	author = {Wu, Tong and Pan, Liang and Zhang, Junzhe and Wang, Tai and Liu, Ziwei and Lin, Dahua},
	urldate = {2025-05-09},
	date = {2021-11-24},
        year = {2021},
	eprinttype = {arxiv},
	eprint = {2111.12702 [cs]},
	note = {118 citations (Semantic Scholar/{arXiv}) [2025-05-08]},
	keywords = {Computer Science - Computer Vision and Pattern Recognition},
}



@article{martin-ducup_unlocking_2025,
	title = {Unlocking the potential of Airborne {LiDAR} for direct assessment of fuel bulk density and load distributions for wildfire hazard mapping},
	volume = {362},
	issn = {0168-1923},
	url = {https://www.sciencedirect.com/science/article/pii/S0168192324004544},
	doi = {10.1016/j.agrformet.2024.110341},
	pages = {110341},
	journal = {Agricultural and Forest Meteorology},
	shortjournal = {Agricultural and Forest Meteorology},
	author = {Martin-Ducup, Olivier and Dupuy, Jean-Luc and Soma, Maxime and Guerra-Hernandez, Juan and Marino, Eva and Fernandes, Paulo M. and Just, Ariadna and Corbera, Jordi and Toutchkov, Marion and Sorribas, Charlie and Bock, Jerome and Piboule, Alexandre and Pirotti, Francesco and Pimont, Fran√ßois},
	urldate = {2025-05-01},
	date = {2025-03-01},
        year = {2025},
	note = {0 citations (Semantic Scholar/{DOI}) [2025-05-01]},
	keywords = {Clumping factor, Fire behavior, Fuel mapping, Fuel metrics, Leaf area density, Vegetation structure, Vegetation vertical profile},
}

@article{moudry2023vegetation,
  title={Vegetation structure derived from airborne laser scanning to assess species distribution and habitat suitability: The way forward},
  author={Moudr{\`y}, V{\'\i}t{\v{e}}zslav and Cord, Anna F and G{\'a}bor, Luk{\'a}{\v{s}} and Laurin, Gaia Vaglio and Bart{\'a}k, Vojt{\v{e}}ch and Gdulov{\'a}, Kate{\v{r}}ina and Malavasi, Marco and Rocchini, Duccio and Stere{\'n}czak, Krzysztof and Pro{\v{s}}ek, Ji{\v{r}}{\'\i} and others},
  journal={Diversity and Distributions},
  volume={29},
  number={1},
  pages={39--50},
  year={2023},
  publisher={Wiley Online Library}
}

@article{wilkes_mapping_2015,
	title = {Mapping Forest Canopy Height Across Large Areas by Upscaling {ALS} Estimates with Freely Available Satellite Data},
	volume = {7},
	rights = {http://creativecommons.org/licenses/by/3.0/},
	issn = {2072-4292},
	url = {https://www.mdpi.com/2072-4292/7/9/12563},
	doi = {10.3390/rs70912563},
	pages = {12563--12587},
	number = {9},
	journaltitle = {Remote Sensing},
	author = {Wilkes, Phil and Jones, Simon D. and Suarez, Lola and Mellor, Andrew and Woodgate, William and Soto-Berelov, Mariela and Haywood, Andrew and Skidmore, Andrew K.},
	urldate = {2024-10-27},
	date = {2015-09},
        year = {2015},
	langid = {english},
	note = {46 citations (Semantic Scholar/{DOI}) [2024-10-27]
Number: 9
Publisher: Multidisciplinary Digital Publishing Institute},
	keywords = {{ALS}, Landsat, canopy height, large area assessment, open-source, random forest},
}


@article{wagner_sub-meter_2024,
	title = {Sub-meter tree height mapping of California using aerial images and {LiDAR}-informed U-Net model},
	volume = {305},
	issn = {0034-4257},
	url = {https://www.sciencedirect.com/science/article/pii/S003442572400110X},
	doi = {10.1016/j.rse.2024.114099},
	pages = {114099},
	journaltitle = {Remote Sensing of Environment},
	shortjournal = {Remote Sensing of Environment},
	author = {Wagner, Fabien H. and Roberts, Sophia and Ritz, Alison L. and Carter, Griffin and Dalagnol, Ricardo and Favrichon, Samuel and Hirye, Mayumi C. M. and Brandt, Martin and Ciais, Philippe and Saatchi, Sassan},
	urldate = {2024-09-24},
	date = {2024-05-01},
        year = {2024},
	keywords = {Canopy height models, Deep learning regression, Land-cover, {TensorFlow} 2, U-Net, Very high-resolution images, \_tablet},
}

@article{agee_influence_1996,
	title = {The Influence of Forest Structure on Fire Behavior},
	pages = {pp. 52--68},
	journaltitle = {Proceedings of the 17th annual forest vegetation management conference .},
	author = {Agee, James K},
	year = {1996},
	langid = {english},
	keywords = {\_tablet},
}


@misc{nasa_jet_propulsion_laboratory_uninhabited_2025,
	title = {Uninhabited Aerial Vehicle Synthetic Aperture Radar ({UAVSAR}) Data},
	url = {https://uavsar.jpl.nasa.gov/cgi-bin/data.pl},
	author = {{NASA Jet Propulsion Laboratory}},
	date = {2025},
	note = {Published: {NASA} {JPL} {UAVSAR} Data Portal},
}

@misc{us_geological_survey_3d_elevation_program_usgs_2023,
	title = {{USGS} 3DEP Lidar Point Cloud ({COPC})},
	url = {https://planetarycomputer.microsoft.com/dataset/3dep-lidar-copc},
	author = {{U.S. Geological Survey, 3D Elevation Program}},
	date = {2023},
	note = {Published: Microsoft Planetary Computer},
}

@misc{us_department_of_agriculture_farm_service_agency_aerial_photography_field_office_national_2021,
	title = {National Agriculture Imagery Program ({NAIP}) Digital Ortho Photo Image},
	url = {https://planetarycomputer.microsoft.com/dataset/naip},
	author = {{U.S. Department of Agriculture, Farm Service Agency, Aerial Photography Field Office}},
	date = {2021},
	doi = {10.5281/zenodo.7261897},
	note = {Published: Microsoft Planetary Computer, version 2022.10.28},
}


@misc{usgs_usgs_2019,
	title = {{USGS} 3DEP - {USGS} {LPC} {CA} {SoCal} Wildfires B4 2018 {LAS} 2019},
	url = {https://planetarycomputer.microsoft.com/dataset/3dep-lidar-copc},
	author = {{USGS}},
	urldate = {2024-10-15},
	date = {2019},
}

@misc{usgs_usgs_2016,
    title = {{USGS} 3DEP - {CA} {SanDiego} 2015 C17 1},
    author = {{USGS}},
    year = {2016},
    url = {https://planetarycomputer.microsoft.com/dataset/3dep-lidar-copc},
    note = {Accessed: 2024-10-15}
}







@inproceedings{Merrick2013Into3D,
  author       = {Merrick, Melissa J. and Koprowski, John L. and Wilcox, Craig},
  title        = {Into the Third Dimension: Benefits of Incorporating {LiDAR} Data in Wildlife Habitat Models},
  booktitle    = {Merging Science and Management in a Rapidly Changing World: Biodiversity and Management of the Madrean Archipelago III},
  series       = {USDA Forest Service Proceedings RMRS-P-67},
  pages        = {389--395},
  year         = {2013},
  publisher    = {U.S. Dept.\ of Agriculture, Forest Service, Rocky Mountain Research Station}
}

@article{wu2016evaluating,
  title={Evaluating LiDAR point densities for effective estimation of aboveground biomass},
  author={Wu, Zhuoting and Dye, Dennis and Stoker, Jason and Vogel, John and Velasco, Miguel and Middleton, Barry},
  journal={International Journal of Advanced Remote Sensing and GIS},
  volume={5},
  number={1},
  pages={1483--1499},
  year={2016}
}


@article{fankhauser2018augmentation,
  title={Augmentation of traditional forest inventory and airborne laser scanning with unmanned aerial systems and photogrammetry for forest monitoring},
  author={Fankhauser, Kathryn E and Strigul, Nikolay S and Gatziolis, Demetrios},
  journal={Remote Sensing},
  volume={10},
  number={10},
  pages={1562},
  year={2018},
  publisher={MDPI}
}


@article{wang2025interpretable,
  title={Interpretable Multi-Sensor Fusion of Optical and SAR Data for GEDI-Based Canopy Height Mapping in Southeastern North Carolina},
  author={Wang, Chao and Song, Conghe and Schroeder, Todd A and Woodcock, Curtis E and Pavelsky, Tamlin M and Han, Qianqian and Yao, Fangfang},
  journal={Remote Sensing},
  volume={17},
  number={9},
  pages={1536},
  year={2025},
  publisher={MDPI}
}


@article{li2023large,
  title={A large scale Digital Elevation Model super-resolution Transformer},
  author={Li, Zhuoxiao and Zhu, Xiaohui and Yao, Shanliang and Yue, Yong and Garc{\'\i}a-Fern{\'a}ndez, {\'A}ngel F and Lim, Eng Gee and Levers, Andrew},
  journal={International Journal of Applied Earth Observation and Geoinformation},
  volume={124},
  pages={103496},
  year={2023},
  publisher={Elsevier}
}

@article{zhang2022deep,
  title={Deep-Learning-Based Point Cloud Upsampling of Natural Entities and Scenes},
  author={Zhang, Tian and Filin, Sagi},
  journal={The International Archives of the Photogrammetry, Remote Sensing and Spatial Information Sciences},
  volume={43},
  pages={321--327},
  year={2022},
  publisher={Copernicus GmbH}
}

@inproceedings{qiu2022pu,
  title={Pu-transformer: Point cloud upsampling transformer},
  author={Qiu, Shi and Anwar, Saeed and Barnes, Nick},
  booktitle={Proceedings of the Asian conference on computer vision},
  pages={2475--2493},
  year={2022}
}

@inproceedings{zhao2021point,
  title={Point transformer},
  author={Zhao, Hengshuang and Jiang, Li and Jia, Jiaya and Torr, Philip HS and Koltun, Vladlen},
  booktitle={Proceedings of the IEEE/CVF international conference on computer vision},
  pages={16259--16268},
  year={2021}
}

@article{dao2022flashattention,
  title={Flashattention: Fast and memory-efficient exact attention with io-awareness},
  author={Dao, Tri and Fu, Dan and Ermon, Stefano and Rudra, Atri and R{\'e}, Christopher},
  journal={Advances in neural information processing systems},
  volume={35},
  pages={16344--16359},
  year={2022}
}

@article{remijnse2024upsampling,
  title={Upsampling LiDAR Point Clouds of Forest Environments using Deep Learning},
  author={Remijnse, Tijmen},
  year={2024},
  publisher={[Netherlands]:[publisher not identified]}
}


@article{lee2021vision,
  author  = {Seung Hoon Lee and Seunghyun Lee and Byung Cheol Song},
  title   = {Vision Transformer for Small-Size Datasets: {SPT + LSA}},
  journal = {arXiv preprint arXiv:2112.13492},
  year    = {2021}
}

@inproceedings{dascoli2021convit,
  author    = {St{\'e}phane d'Ascoli and Hugo Touvron and Matthew L. Leavitt and Ari S. Morcos and Giulio Biroli and Levent Sagun},
  title     = {ConViT: Improving Vision Transformers with Soft Convolutional Inductive Biases},
  booktitle = {Proceedings of the 38th International Conference on Machine Learning (ICML)},
  volume    = {139},
  pages     = {2286--2296},
  year      = {2021}
}

@inproceedings{touvron2021going,
  author    = {Hugo Touvron and Matthieu Cord and Alexandre Sablayrolles and Gabriel Synnaeve and Herv{\'e} J{\'e}gou},
  title     = {Going Deeper with Image Transformers},
  booktitle = {Proceedings of the IEEE/CVF International Conference on Computer Vision (ICCV)},
  pages     = {32--42},
  year      = {2021}
}

@inproceedings{dosovitskiy2021image,
  author    = {Alexey Dosovitskiy and Lucas Beyer and Alexander Kolesnikov and Dirk Weissenborn and Xiaohua Zhai and Thomas Unterthiner and Mostafa Dehghani and Matthias Minderer and Georg Heigold and Sylvain Gelly and Jakob Uszkoreit and Neil Houlsby},
  title     = {An Image is Worth 16x16 Words: Transformers for Image Recognition at Scale},
  booktitle = {International Conference on Learning Representations (ICLR)},
  year      = {2021}
}

@inproceedings{qian2021pu,
  title={Pu-gcn: Point cloud upsampling using graph convolutional networks},
  author={Qian, Guocheng and Abualshour, Abdulellah and Li, Guohao and Thabet, Ali and Ghanem, Bernard},
  booktitle={Proceedings of the IEEE/CVF conference on computer vision and pattern recognition},
  pages={11683--11692},
  year={2021}
}

@inproceedings{yu2018pu,
  title={Pu-net: Point cloud upsampling network},
  author={Yu, Lequan and Li, Xianzhi and Fu, Chi-Wing and Cohen-Or, Daniel and Heng, Pheng-Ann},
  booktitle={Proceedings of the IEEE conference on computer vision and pattern recognition},
  pages={2790--2799},
  year={2018}
}


@article{taneja2023up,
  title={Up-scaling fuel hazard metrics derived from terrestrial laser scanning using a machine learning model},
  author={Taneja, Ritu and Wallace, Luke and Hillman, Samuel and Reinke, Karin and Hilton, James and Jones, Simon and Hally, Bryan},
  journal={Remote Sensing},
  volume={15},
  number={5},
  pages={1273},
  year={2023},
  publisher={MDPI}
}

@article{lang2023high,
  title={A high-resolution canopy height model of the Earth},
  author={Lang, Nico and Jetz, Walter and Schindler, Konrad and Wegner, Jan Dirk},
  journal={Nature Ecology \& Evolution},
  volume={7},
  number={11},
  pages={1778--1789},
  year={2023},
  publisher={Nature Publishing Group UK London}
}

@article{shendryk2022fusing,
  title={Fusing GEDI with earth observation data for large area aboveground biomass mapping},
  author={Shendryk, Yuri},
  journal={International Journal of Applied Earth Observation and Geoinformation},
  volume={115},
  pages={103108},
  year={2022},
  publisher={Elsevier}
}


@article{gazzea2023high,
  title={High-resolution mapping of forest structure from integrated SAR and optical images using an enhanced U-net method},
  author={Gazzea, Michele and Solheim, Adrian and Arghandeh, Reza},
  journal={Science of Remote Sensing},
  volume={8},
  pages={100093},
  year={2023},
  publisher={Elsevier}
}


@article{vaswani2017attention,
  title={Attention is all you need},
  author={Vaswani, Ashish and Shazeer, Noam and Parmar, Niki and Uszkoreit, Jakob and Jones, Llion and Gomez, Aidan N and Kaiser, {\L}ukasz and Polosukhin, Illia},
  journal={Advances in neural information processing systems},
  volume={30},
  year={2017}
}


@article{scheuring1994application,
  title={Application of multifractals to the analysis of vegetation pattern},
  author={Scheuring, Istv{\'a}n and Riedi, Rudolf H},
  journal={Journal of Vegetation Science},
  volume={5},
  number={4},
  pages={489--496},
  year={1994},
  publisher={Wiley Online Library}
}

@article{yang2015extraction,
  title={The extraction of vegetation points from LiDAR using 3D fractal dimension analyses},
  author={Yang, Haiquan and Chen, Wenlong and Qian, Tianlu and Shen, Dingtao and Wang, Jiechen},
  journal={Remote Sensing},
  volume={7},
  number={8},
  pages={10815--10831},
  year={2015},
  publisher={MDPI}
}

@article{aleissaee2023transformers,
  title={Transformers in remote sensing: A survey},
  author={Aleissaee, Abdulaziz Amer and Kumar, Amandeep and Anwer, Rao Muhammad and Khan, Salman and Cholakkal, Hisham and Xia, Gui-Song and Khan, Fahad Shahbaz},
  journal={Remote Sensing},
  volume={15},
  number={7},
  pages={1860},
  year={2023},
  publisher={MDPI}
}


@article{dosovitskiy2020image,
  title={An image is worth 16x16 words: Transformers for image recognition at scale},
  author={Dosovitskiy, Alexey and Beyer, Lucas and Kolesnikov, Alexander and Weissenborn, Dirk and Zhai, Xiaohua and Unterthiner, Thomas and Dehghani, Mostafa and Minderer, Matthias and Heigold, Georg and Gelly, Sylvain and others},
  journal={arXiv preprint arXiv:2010.11929},
  year={2020}
}

@article{bahdanau2014neural,
  title={Neural machine translation by jointly learning to align and translate},
  author={Bahdanau, Dzmitry and Cho, Kyunghyun and Bengio, Yoshua},
  journal={arXiv preprint arXiv:1409.0473},
  year={2014}
}



@misc{alaska_search,
  author = {{Alaska Satellite Facility}},
  title = {{ASF search Python API}},
  url = {https://github.com/asfadmin/Discovery-asf\_search},
  year = {2024}
}






% Articles that have demontrated cross attention's utility for multimodal fusion in remote sensing. 

@article{yan2025remote,
  title={Remote sensing image change detection based on swin transformer and cross-attention mechanism},
  author={Yan, Weidong and Cao, Li and Yan, Pei and Zhu, Chaosheng and Wang, Mengtian},
  journal={Earth Science Informatics},
  volume={18},
  number={1},
  pages={106},
  year={2025},
  publisher={Springer}
}


@article{ma2022crossmodal,
  title={A crossmodal multiscale fusion network for semantic segmentation of remote sensing data},
  author={Ma, Xianping and Zhang, Xiaokang and Pun, Man-On},
  journal={IEEE Journal of Selected Topics in Applied Earth Observations and Remote Sensing},
  volume={15},
  pages={3463--3474},
  year={2022},
  publisher={IEEE}
}

@article{qingyun2022cross,
  title={Cross-modality attentive feature fusion for object detection in multispectral remote sensing imagery},
  author={Qingyun, Fang and Zhaokui, Wang},
  journal={Pattern Recognition},
  volume={130},
  pages={108786},
  year={2022},
  publisher={Elsevier}
}


@article{li2024cross,
  title={A cross-attention integrated shifted window transformer for remote sensing image scene recognition with limited data},
  author={Li, Kaiyuan and Xue, Yong and Zhao, Jiaqi and Li, Honghao and Zhang, Sheng},
  journal={Journal of Applied Remote Sensing},
  volume={18},
  number={3},
  pages={036506--036506},
  year={2024},
  publisher={Society of Photo-Optical Instrumentation Engineers}
}


%%%%%%%%%%%%%%%%%%%%%%%%%%%


% These are articles that have demonstrated the use of cross attention to fuse LiDAR derived DSMs with Hyperspectral imagery
@article{yu2024dmsca,
  title={DMSCA: deep multiscale cross-modal attention network for hyperspectral and light detection and ranging data fusion and joint classification},
  author={Yu, Wenbo and Huang, Fenghua},
  journal={Journal of Applied Remote Sensing},
  volume={18},
  number={3},
  pages={036505--036505},
  year={2024},
  publisher={Society of Photo-Optical Instrumentation Engineers}
}

@article{li2024multi,
  title={Multi-Feature Cross Attention-Induced Transformer Network for Hyperspectral and LiDAR Data Classification},
  author={Li, Zirui and Liu, Runbang and Sun, Le and Zheng, Yuhui},
  journal={Remote Sensing},
  volume={16},
  number={15},
  pages={2775},
  year={2024},
  publisher={MDPI}
}



@article{yang2024lidar,
  title={LiDAR-guided cross-attention fusion for hyperspectral band selection and image classification},
  author={Yang, Judy X and Zhou, Jun and Wang, Jing and Tian, Hui and Liew, Alan Wee-Chung},
  journal={IEEE Transactions on Geoscience and Remote Sensing},
  volume={62},
  pages={1--15},
  year={2024},
  publisher={IEEE}
}

%%%%%%%%%%%%%%%%%%%%%%%%%%%




% These are studies that are in the computer vision domain that leverage cross attention for point feature to image fusion. 
@inproceedings{zhu2024cams,
  title={CAMS: A Cross Attention Based Multi-Scale LiDAR-Camera Fusion Framework for 3D Object Detection},
  author={Zhu, Weilian and Wang, He and Hou, Huazhou and Yu, Wenwu},
  booktitle={International Conference on Guidance, Navigation and Control},
  pages={533--542},
  year={2024},
  organization={Springer}
}

@inproceedings{yoo20203d,
  title={3d-cvf: Generating joint camera and lidar features using cross-view spatial feature fusion for 3d object detection},
  author={Yoo, Jin Hyeok and Kim, Yecheol and Kim, Jisong and Choi, Jun Won},
  booktitle={Computer vision--ECCV 2020: 16th European conference, Glasgow, UK, August 23--28, 2020, proceedings, part XXVII 16},
  pages={720--736},
  year={2020},
  organization={Springer}
}


@article{wu2021point,
  title={Point cloud completion using multiscale feature fusion and cross-regional attention},
  author={Wu, Hang and Miao, Yubin and Fu, Ruochong},
  journal={Image and Vision Computing},
  volume={111},
  pages={104193},
  year={2021},
  publisher={Elsevier}
}

%%%%%%%%%%%%%%%%%%%%%%%%%%%




@inproceedings{belov2019capabilities,
  title={Capabilities analysis of lidar and passive optical methods for remote vegetation monitoring},
  author={Belov, ML and Belov, AM and Gorodnichev, VA and Alkov, SV},
  booktitle={Journal of Physics: Conference Series},
  volume={1399},
  number={5},
  pages={055024},
  year={2019},
  organization={IOP Publishing}
}


@article{ustin2021current,
  title={Current and near-term advances in Earth observation for ecological applications},
  author={Ustin, Susan L and Middleton, Elizabeth M},
  journal={Ecological Processes},
  volume={10},
  number={1},
  pages={1},
  year={2021},
  publisher={Springer}
}


@article{guo2020lidar,
  title={Lidar boosts 3D ecological observations and modelings: A review and perspective},
  author={Guo, Qinghua and Su, Yanjun and Hu, Tianyu and Guan, Hongcan and Jin, Shichao and Zhang, Jing and Zhao, Xiaoxia and Xu, Kexin and Wei, Dengjie and Kelly, Maggi and others},
  journal={IEEE Geoscience and Remote Sensing Magazine},
  volume={9},
  number={1},
  pages={232--257},
  year={2020},
  publisher={IEEE}
}


@article{mahata2023microclimate,
  title={Microclimate and vegetation structure significantly affect butterfly assemblages in a tropical dry forest},
  author={Mahata, Anirban and Panda, Rajendra Mohan and Dash, Padmanava and Naik, Ayusmita and Naik, Alok Kumar and Palita, Sharat Kumar},
  journal={Climate},
  volume={11},
  number={11},
  pages={220},
  year={2023},
  publisher={Multidisciplinary Digital Publishing Institute}
}

@article{guo2018integrating,
  title={Integrating airborne lidar and satellite imagery to model habitat connectivity dynamics for spatial conservation prioritization},
  author={Guo, Xuan and Coops, Nicholas C and Gergel, Sarah E and Bater, Christopher W and Nielsen, Scott E and Stadt, J John and Drever, Mark},
  journal={Landscape ecology},
  volume={33},
  pages={491--511},
  year={2018},
  publisher={Springer}
}


@misc{usgs_what_2019,
	title = {What is {3DEP}? {\textbar} {U}.{S}. {Geological} {Survey}},
        author = {USGS},
	shorttitle = {What is {3DEP}?},
	url = {https://www.usgs.gov/3d-elevation-program/what-3dep},
	year = {2019}
}



@misc{usda_naip_2024,
	title = {National {Agriculture} {Imagery} {Program} - {NAIP} {Hub} {Site}},
        author = {USDA},
	url = {https://naip-usdaonline.hub.arcgis.com/},
        year = {2024}
}


@inproceedings{rosen2006uavsar,
  title={UAVSAR: A new NASA airborne SAR system for science and technology research},
  author={Rosen, Paul A and Hensley, Scott and Wheeler, Kevin and Sadowy, Greg and Miller, Tim and Shaffer, Scott and Muellerschoen, Ron and Jones, Cathleen and Zebker, Howard and Madsen, Soren},
  booktitle={2006 IEEE conference on radar},
  pages={8--pp},
  year={2006},
  organization={IEEE}
}


@inproceedings{kellogg2020nasa,
  title={NASA-ISRO synthetic aperture radar (NISAR) mission},
  author={Kellogg, Kent and Hoffman, Pamela and Standley, Shaun and Shaffer, Scott and Rosen, Paul and Edelstein, Wendy and Dunn, Charles and Baker, Charles and Barela, Phillip and Shen, Yuhsyen and others},
  booktitle={2020 IEEE aerospace conference},
  pages={1--21},
  year={2020},
  organization={IEEE}
}


@misc{planetary_computer,
	title = {Microsoft {Planetary} {Computer}},
	url = {https://planetarycomputer.microsoft.com/},
        author = {Microsoft},
	year = {2025}
}



@article{zhu2024advancements,
  title={Advancements in point cloud data augmentation for deep learning: A survey},
  author={Zhu, Qinfeng and Fan, Lei and Weng, Ningxin},
  journal={Pattern Recognition},
  pages={110532},
  year={2024},
  publisher={Elsevier}
}

@article{shorten2019survey,
  title={A survey on image data augmentation for deep learning},
  author={Shorten, Connor and Khoshgoftaar, Taghi M},
  journal={Journal of big data},
  volume={6},
  number={1},
  pages={1--48},
  year={2019},
  publisher={Springer}
}

@article{liu2024deepseek,
  title={Deepseek-v2: A strong, economical, and efficient mixture-of-experts language model},
  author={Liu, Aixin and Feng, Bei and Wang, Bin and Wang, Bingxuan and Liu, Bo and Zhao, Chenggang and Dengr, Chengqi and Ruan, Chong and Dai, Damai and Guo, Daya and others},
  journal={arXiv preprint arXiv:2405.04434},
  year={2024}
}

@misc{clay_model_v1p5,
  author       = {{Clay Foundation Team}},
  title        = {Clay Foundation Model: An open-source AI foundation model for Earth observation},
  howpublished = {\url{https://github.com/Clay-foundation/model}},
  note         = {Software version 1.5 (commit <hash>), Apache-2.0 license},
  year         = {2024},
  urldate      = {2025-06-15}
}